<record><leader>00000cas a2200000 a 4500</leader><controlfield tag="001">14161706</controlfield><controlfield tag="008">860829d1uuu19uukyuwr ne      0    0eng d</controlfield><datafield ind1=" " ind2=" " tag="010"><subfield code="a">sn 86069440 </subfield></datafield><datafield ind1=" " ind2=" " tag="040"><subfield code="a">KNP</subfield><subfield code="b">eng</subfield><subfield code="c">KNP</subfield><subfield code="d">OCL</subfield><subfield code="d">OCLCQ</subfield><subfield code="d">KYUBL</subfield><subfield code="d">OCLCQ</subfield><subfield code="d">OCLCF</subfield><subfield code="d">OCLCO</subfield></datafield><datafield ind1=" " ind2=" " tag="042"><subfield code="a">msc</subfield></datafield><datafield ind1=" " ind2=" " tag="043"><subfield code="a">n-us-ky</subfield></datafield><datafield ind1="0" ind2="4" tag="245"><subfield code="a">The Edmonton news.</subfield></datafield><datafield ind1="1" ind2="3" tag="246"><subfield code="a">Edmunton news</subfield></datafield><datafield ind1=" " ind2=" " tag="260"><subfield code="a">Edmonton, Ky. :</subfield><subfield code="b">[J.H. Dulin]</subfield></datafield><datafield ind1=" " ind2=" " tag="300"><subfield code="a">v. :</subfield><subfield code="b">ill.</subfield></datafield><datafield ind1=" " ind2=" " tag="310"><subfield code="a">Weekly</subfield></datafield><datafield ind1=" " ind2=" " tag="500"><subfield code="a">Editor: H.S. Vansant, (Apr. 4, 1896)-</subfield></datafield><datafield ind1=" " ind2=" " tag="588"><subfield code="a">Description based on: Vol. 3, no. 1? (Apr. 4, 1896).</subfield></datafield><datafield ind1=" " ind2="0" tag="651"><subfield code="a">Edmonton (Ky.)</subfield><subfield code="v">Newspapers.</subfield></datafield><datafield ind1=" " ind2="0" tag="651"><subfield code="a">Metcalfe County (Ky.)</subfield><subfield code="v">Newspapers.</subfield></datafield><datafield ind1=" " ind2="7" tag="655"><subfield code="a">Newspapers.</subfield><subfield code="2">fast</subfield><subfield code="0">(OCoLC)fst01423814</subfield></datafield><datafield ind1=" " ind2="7" tag="651"><subfield code="a">Kentucky</subfield><subfield code="z">Edmonton.</subfield><subfield code="2">fast</subfield><subfield code="0">(OCoLC)fst01230894</subfield></datafield><datafield ind1=" " ind2="7" tag="651"><subfield code="a">Kentucky</subfield><subfield code="z">Metcalfe County.</subfield><subfield code="2">fast</subfield><subfield code="0">(OCoLC)fst01228740</subfield></datafield><datafield ind1=" " ind2=" " tag="752"><subfield code="a">United States</subfield><subfield code="b">Kentucky</subfield><subfield code="c">Metcalfe</subfield><subfield code="d">Edmonton.</subfield></datafield><datafield ind1="0" ind2="7" tag="785"><subfield code="t">Metcalfe County herald</subfield><subfield code="w">(DLC)sn 86069439</subfield></datafield><datafield ind1="0" ind2="7" tag="785"><subfield code="t">Edmonton herald-news</subfield><subfield code="w">(DLC)sn 86069441</subfield></datafield></record>